@misc{Upcoming19:online,
author = {SIGCHI},
title = {Upcoming Conferences â€“ ACM SIGCHI},
howpublished = {\url{https://sigchi.org/conferences/upcoming-conferences/}},
year = {2023},
note = {(Accessed on 02/24/2023)}
}

@misc{HumanCom38:online,
author = {Google Scholar},
title = {Human Computer Interaction - Google Scholar Metrics},
howpublished = {\url{https://scholar.google.com/citations?view_op=top_venues&hl=en&vq=eng_humancomputerinteraction}},
year = {2023},
note = {(Accessed on 02/24/2023)}
}

@misc{WhatTheH50:online,
author = {Todi, Kashyap},
title = {WhatTheHCI?},
howpublished = {\url{https://whatthehci.com/}},
year = {2023},
note = {(Accessed on 02/24/2023)}
}

@misc{citation47:online,
author = {Haddaway, Neal},
title = {citationchaser},
howpublished = {\url{https://estech.shinyapps.io/citationchaser/}},
year = {2023},
note = {(Accessed on 02/24/2023)}
}

@misc{TheLensF23:online,
author = {Lens.org},
title = {The Lens - Free \& Open Patent and Scholarly Search},
howpublished = {\url{https://www.lens.org/}},
year = {2023},
note = {(Accessed on 02/24/2023)}
}